This file was created with JabRef 2.1 beta 2.
Encoding: utf8


%Book
@BOOK{刘军2004社会网络分析导论,
  title = {社会网络分析导论: An introduction to social network analysis},
  author = {刘军},
  year = {2004},
  publisher = {社会科学文献出版社}
}

@BOOK{ccaggarwalintrosocial,
  title = {An Introduction to Social Network Data Analytics},
  author = {T. S. Trevisan },
  year = {2011},
  publisher = {Springer}
  
}

@TECHREPORT{mobilereport,
  author = {工业与信息化部},
  title = {2014年通信运营业统计公报},
  
  year = {2015},
  url={http://www.miit.gov.cn/n11293472/n11293832/n11294132/n12858447/16414615.html}
}

@inproceedings{heer2005vizster,
  title={Vizster: Visualizing online social networks},
  author={Heer, Jeffrey and Boyd, Danah},
  booktitle={Information Visualization, 2005. INFOVIS 2005. IEEE Symposium on},
  pages={32--39},
  year={2005},
  organization={IEEE}
}

@inproceedings{cho2011friendship,
  title={Friendship and mobility: user movement in location-based social networks},
  author={Cho, Eunjoon and Myers, Seth A and Leskovec, Jure},
  booktitle={Proceedings of the 17th ACM SIGKDD international conference on Knowledge discovery and data mining},
  pages={1082--1090},
  year={2011},
  organization={ACM}
}


@inproceedings{wang2011human,
  title={Human mobility, social ties, and link prediction},
  author={Wang, Dashun and Pedreschi, Dino and Song, Chaoming and Giannotti, Fosca and Barabasi, Albert-Laszlo},
  booktitle={Proceedings of the 17th ACM SIGKDD international conference on Knowledge discovery and data mining},
  pages={1100--1108},
  year={2011},
  organization={ACM}
}


@inproceedings{wang2010mining,
  title={Mining advisor-advisee relationships from research publication networks},
  author={Wang, Chi and Han, Jiawei and Jia, Yuntao and Tang, Jie and Zhang, Duo and Yu, Yintao and Guo, Jingyi},
  booktitle={Proceedings of the 16th ACM SIGKDD international conference on Knowledge discovery and data mining},
  pages={203--212},
  year={2010},
  organization={ACM}
}


@inproceedings{taskar2003link,
  title={Link prediction in relational data},
  author={Taskar, Ben and Wong, Ming-Fai and Abbeel, Pieter and Koller, Daphne},
  booktitle={Advances in neural information processing systems},
  pages={None},
  year={2003}
}


@inproceedings{zhao2006entity,
  title={Entity and relationship labeling in affiliation networks},
  author={Zhao, Bin and Sen, Prithviraj and Getoor, Lise},
  booktitle={ICML Workshop on Statistical Network Analysis},
  year={2006},
  organization={Citeseer}
}

@inproceedings{min2013mining,
  title={Mining smartphone data to classify life-facets of social relationships},
  author={Min, Jun-Ki and Wiese, Jason and Hong, Jason I and Zimmerman, John},
  booktitle={Proceedings of the 2013 conference on Computer supported cooperative work},
  pages={285--294},
  year={2013},
  organization={ACM}
}

@article{salton1986introduction,
  title={Introduction to modern information retrieval},
  author={Salton, Gerard and McGill, Michael J},
  year={1986},
  publisher={McGraw-Hill, Inc.}
}




@article{aurenhammer1991voronoi,
  title={Voronoi diagrams—a survey of a fundamental geometric data structure},
  author={Aurenhammer, Franz},
  journal={ACM Computing Surveys (CSUR)},
  volume={23},
  number={3},
  pages={345--405},
  year={1991},
  publisher={ACM}
}


@inproceedings{tang2012inferring,
  title={Inferring social ties across heterogenous networks},
  author={Tang, Jie and Lou, Tiancheng and Kleinberg, Jon},
  booktitle={Proceedings of the fifth ACM international conference on Web search and data mining},
  pages={743--752},
  year={2012},
  organization={ACM}
}

@inproceedings{dong2014inferring,
  title={Inferring user demographics and social strategies in mobile social networks},
  author={Dong, Yuxiao and Yang, Yang and Tang, Jie and Yang, Yang and Chawla, Nitesh V},
  booktitle={Proceedings of the 20th ACM SIGKDD international conference on Knowledge discovery and data mining},
  pages={15--24},
  year={2014},
  organization={ACM}
}

@book{easley2010networks,
  title={Networks, crowds, and markets: Reasoning about a highly connected world},
  author={Easley, David and Kleinberg, Jon},
  year={2010},
  publisher={Cambridge University Press}
}

@article{salton1988term,
  title={Term-weighting approaches in automatic text retrieval},
  author={Salton, Gerard and Buckley, Christopher},
  journal={Information processing \& management},
  volume={24},
  number={5},
  pages={513--523},
  year={1988},
  publisher={Elsevier}
}


@inproceedings{song2013distribution,
  title={Distribution-sensitive learning for imbalanced datasets},
  author={Song, Yuning and Morency, Louis-Philippe and Davis, Ronald W},
  booktitle={Automatic Face and Gesture Recognition (FG), 2013 10th IEEE International Conference and Workshops on},
  pages={1--6},
  year={2013},
  organization={IEEE}
}

@article{sutton2006introduction,
  title={An introduction to conditional random fields for relational learning},
  author={Sutton, Charles and McCallum, Andrew},
  journal={Introduction to statistical relational learning},
  pages={93--128},
  year={2006},
  publisher={MIT press Cambridge, MA}
}


@inproceedings{murphy1999loopy,
  title={Loopy belief propagation for approximate inference: An empirical study},
  author={Murphy, Kevin P and Weiss, Yair and Jordan, Michael I},
  booktitle={Proceedings of the Fifteenth conference on Uncertainty in artificial intelligence},
  pages={467--475},
  year={1999},
  organization={Morgan Kaufmann Publishers Inc.}
}


@book{olson2008advanced,
  title={Advanced data mining techniques},
  author={Olson, David L and Delen, Dursun},
  year={2008},
  publisher={Springer Science \& Business Media}
}


@article{hall2009weka,
  title={The WEKA data mining software: an update},
  author={Hall, Mark and Frank, Eibe and Holmes, Geoffrey and Pfahringer, Bernhard and Reutemann, Peter and Witten, Ian H},
  journal={ACM SIGKDD explorations newsletter},
  volume={11},
  number={1},
  pages={10--18},
  year={2009},
  publisher={ACM}
}



@article{chang2011libsvm,
  title={LIBSVM: a library for support vector machines},
  author={Chang, Chih-Chung and Lin, Chih-Jen},
  journal={ACM Transactions on Intelligent Systems and Technology (TIST)},
  volume={2},
  number={3},
  pages={27},
  year={2011},
  publisher={ACM}
}

 @unpublished{McCallumMALLET,
      author = "Andrew Kachites McCallum",
      title = "MALLET: A Machine Learning for Language Toolkit",
      note = "http://mallet.cs.umass.edu",
      year = 2002}

@book{luenberger1973introduction,
  title={Introduction to linear and nonlinear programming},
  author={Luenberger, David G},
  volume={28},
  year={1973},
  publisher={Addison-Wesley Reading, MA}
}


@article{blei2003latent,
  title={Latent dirichlet allocation},
  author={Blei, David M and Ng, Andrew Y and Jordan, Michael I},
  journal={the Journal of machine Learning research},
  volume={3},
  pages={993--1022},
  year={2003},
  publisher={JMLR. org}
}


